<record><leader>00000cas a2200000 a 4500</leader><controlfield tag="001">12574457</controlfield><controlfield tag="008">850919d19111924ksuwr ne      0   a0eng d</controlfield><datafield ind1=" " ind2=" " tag="010"><subfield code="a">sn 85029856 </subfield></datafield><datafield ind1=" " ind2=" " tag="040"><subfield code="a">KSH</subfield><subfield code="b">eng</subfield><subfield code="c">KSH</subfield><subfield code="d">NPT</subfield><subfield code="d">OCL</subfield><subfield code="d">OCLCQ</subfield><subfield code="d">DLC</subfield><subfield code="d">OCLCF</subfield></datafield><datafield ind1="0" ind2=" " tag="022"><subfield code="a">2329-2628</subfield><subfield code="2">1</subfield></datafield><datafield ind1="1" ind2=" " tag="029"><subfield code="a">AU@</subfield><subfield code="b">000022172728</subfield></datafield><datafield ind1=" " ind2=" " tag="042"><subfield code="a">msc</subfield><subfield code="a">nsdp</subfield></datafield><datafield ind1=" " ind2=" " tag="043"><subfield code="a">n-us-ks</subfield></datafield><datafield ind1="0" ind2="0" tag="050"><subfield code="a">Newspaper</subfield></datafield><datafield ind1="0" ind2="0" tag="082"><subfield code="a">071</subfield><subfield code="2">23</subfield></datafield><datafield ind1="0" ind2=" " tag="130"><subfield code="a">Liberal democrat (Liberal, Kan.)</subfield></datafield><datafield ind1=" " ind2="4" tag="222"><subfield code="a">The Liberal democrat</subfield><subfield code="b">(Liberal, Kan. Print)</subfield></datafield><datafield ind1="1" ind2="4" tag="245"><subfield code="a">The Liberal democrat.</subfield></datafield><datafield ind1=" " ind2=" " tag="260"><subfield code="a">Liberal, Kan. :</subfield><subfield code="b">Carl G. Eddy,</subfield><subfield code="c">1911-1924.</subfield></datafield><datafield ind1=" " ind2=" " tag="300"><subfield code="a">14 v. :</subfield><subfield code="b">ill. ;</subfield><subfield code="c">54 cm.</subfield></datafield><datafield ind1=" " ind2=" " tag="310"><subfield code="a">Weekly</subfield></datafield><datafield ind1="0" ind2=" " tag="362"><subfield code="a">Vol. 4, no. 36 (Jan. 6, 1911)-v. 18, no. 6 (July 31, 1924).</subfield></datafield><datafield ind1=" " ind2=" " tag="500"><subfield code="a">Publisher varies.</subfield></datafield><datafield ind1=" " ind2=" " tag="530"><subfield code="a">Archived issues are available in digital format as part of the Library of Congress Chronicling America online collection.</subfield></datafield><datafield ind1=" " ind2="0" tag="651"><subfield code="a">Liberal (Kan.)</subfield><subfield code="v">Newspapers.</subfield></datafield><datafield ind1=" " ind2="7" tag="655"><subfield code="a">Newspapers.</subfield><subfield code="2">fast</subfield><subfield code="0">(OCoLC)fst01423814</subfield></datafield><datafield ind1=" " ind2="7" tag="651"><subfield code="a">Kansas</subfield><subfield code="z">Liberal.</subfield><subfield code="2">fast</subfield><subfield code="0">(OCoLC)fst01212334</subfield></datafield><datafield ind1=" " ind2=" " tag="752"><subfield code="a">United States</subfield><subfield code="b">Kansas</subfield><subfield code="c">Seward</subfield><subfield code="d">Liberal.</subfield></datafield><datafield ind1="0" ind2="8" tag="776"><subfield code="i">Online version:</subfield><subfield code="t">Liberal democrat (Liberal, Kan. : Online)</subfield><subfield code="x">2329-2636</subfield><subfield code="w">(DLC)  2013218788</subfield><subfield code="w">(OCoLC)844963378</subfield></datafield><datafield ind1="0" ind2="0" tag="780"><subfield code="t">Liberal independent</subfield><subfield code="w">(DLC)sn 85029861</subfield><subfield code="w">(OCoLC)12574515</subfield></datafield><datafield ind1="0" ind2="4" tag="785"><subfield code="t">Liberal news (Liberal, Kan.)</subfield><subfield code="w">(DLC)sn 85029846</subfield><subfield code="w">(OCoLC)12574496</subfield></datafield><datafield ind1="4" ind2="1" tag="856"><subfield code="u">http://chroniclingamerica.loc.gov/lccn/sn85029856/issues</subfield></datafield></record>